@inproceedings{alencar2011,
  title     = {{11ª Confer{\^e}ncia Internacional da LARES}},
  author    = {Alencar, Claudio Tavares and Cosentino, Rafael},
  year      = {2011},
  publisher = {Latin American Real Estate Society},
  address   = {S{\~a}o Paulo},
  doi       = {10.15396/lares-2011-511-751-2-rv},
  langid    = {portuguese}
}

@book{alexandreassafneto2014,
  title     = {Mercado Financeiro},
  author    = {{Alexandre Assaf Neto}},
  year      = {2014},
  edition   = {12},
  volume    = {1},
  publisher = {Atlas},
  address   = {S{\~a}o Paulo}
}

@article{assis2018,
  title   = {Hybrid Deep Learning Approach for Financial Time Series Classification},
  author  = {Assis, Carlos A. S. and Machado, Eduardo J. and Pereira, Adriano C. M. and Carrano, Eduardo G.},
  year    = {2018-07-17, 2018-07},
  journal = {Revista Brasileira de Computa{\c c}{\~a}o Aplicada},
  volume  = {10},
  number  = {2},
  pages   = {54--63},
  doi     = {10.5335/rbca.v10i2.7904}
}

@article{b32020,
  title  = {A Descoberta Da Bolsa Pelo Investidor Brasileiro},
  author = {{B3}},
  year   = {2020}
}

@misc{b32023,
  title  = {Boletim Mensal {{FII}}},
  author = {{B3}},
  year   = {2023},
  url    = "https://www.b3.com.br/data/files/59/20/79/4A/2E73E810D34843E8AC094EA8/Boletim%20FII%20-%2002M24.pdf"
}
@misc{boletim,
  title  = {{Boletim mensal {\textbar} B3}},
  langid = {brazilian}
}

@misc{brasil2023,
  title  = {Composi{\c c}{\~a}o e Segmentos Do Sistema Financeiro Nacional},
  author = {do Brasil, Banco Central},
  year   = {2023}
}

@misc{câmaradosdeputados,
  title  = {Portal Da C{\^a}mara Dos Deputados},
  author = {{C{\^a}mara dos deputados}}
}

@misc{câmaradosdeputados1993,
  title  = {Lei 8668/1993},
  author = {{C{\^a}mara dos deputados}},
  year   = {1993}
}

@misc{câmaradosdeputados2023,
  title  = {Portal Da C{\^a}mara Dos Deputados},
  author = {{C{\^a}mara dos deputados}},
  year   = {2023}
}

@article{cesário2020,
  title   = {{Metodologia cient{\'i}fica: Principais tipos de pesquisas e suas carater{\'i}sticas}},
  author  = {Ces{\'a}rio, Jonas Magno Dos Santos and Flauzino, Victor Hugo De Paula and Mejia, Judith Victoria Castillo},
  year    = {2020-11-15, 2020-11},
  journal = {Revista Cient{\'i}fica Multidisciplinar N{\'u}cleo do Conhecimento},
  pages   = {23--33},
  doi     = {10.32749/nucleodoconhecimento.com.br/educacao/tipos-de-pesquisas},
  langid  = {portuguese}
}

@misc{clubefii2023,
  title  = {{Clube FII - O maior site de Fundos Imobili{\'a}rios do Brasil}},
  author = {{ClubeFII}},
  year   = {2023},
  langid = {brazilian}
}

@article{criado2023,
  title   = {Open Data-Set Identifier for Open Innovation and Knowledge Management},
  author  = {Criado, Marta Ortiz de Urbina and Abella, Alberto and {Garc{\'i}a-Luna}, Diego},
  year    = {2023-03-10, 2023-03},
  journal = {Journal of Knowledge Management},
  doi     = {10.1108/JKM-07-2022-0514},
  langid  = {english}
}

@article{dasilva2015,
  title   = {Quantifying Cross-Correlation between {{Ibovespa}} and {{Brazilian}} Blue-Chips: {{The DCCA}} Approach},
  author  = {Da Silva, Marcus Fernandes and Le{\~a}o Pereira, {\'E}der Johnson De Area and Da Silva Filho, Aloisio Machado and Nunes De Castro, Arleys Pereira and Miranda, Jos{\'e} Garcia Vivas and Zebende, Gilney Figueira},
  year    = {2015},
  month   = apr,
  journal = {Physica A: Statistical Mechanics and its Applications},
  volume  = {424},
  pages   = {124--129},
  doi     = {10.1016/j.physa.2015.01.002},
  langid  = {english}
}

@article{ggplot2,
  title  = {Ggplot2: {{Elegant}} Graphics for Data Analysis},
  author = {Wickham, Hadley},
  year   = {2016}
}

@article{goettenauer2020,
  title   = {Open {{Banking}} e o {{Modelo}} de {{Banco}} Em {{Plataforma}}: A Necessidade de Reavalia{\c c}{\~a}o Da Defini{\c c}{\~a}o Jur{\'i}dica de Atividade Banc{\'a}ria},
  author  = {Goettenauer, Carlos},
  year    = {2020-09-16, 2020-09},
  journal = {Revista da Procuradoria-Geral do Banco Central},
  volume  = {14},
  number  = {1},
  pages   = {13--27},
  doi     = {10.58766/rpgbcb.v14i1.1025}
}

@article{greenhalgh2023,
  title   = {Dividend-Yield Variation as an Asset Selection Criterion in Momentum Strategies of {{Brazilian}} Real Estate Investment Trusts},
  author  = {Greenhalgh, Luis Henrique and Campani, Carlos Heitor},
  year    = {2023},
  journal = {Revista Contabilidade \& Finan{\c c}as},
  volume  = {34},
  number  = {91},
  pages   = {e1667},
  doi     = {10.1590/1808-057x20221667.en},
  langid  = {english}
}

@book{grolemund2023,
  title  = {Welcome {\textbar} {{R}} for Data Science},
  author = {Grolemund, Hadley Wickham and {Garrett}},
  year   = {2023},
  langid = {english}
}

@article{gtrendsR-2,
  title  = {{{gtrendsR}}: {{Perform}} and Display Google Trends Queries},
  author = {Massicotte, Philippe and Eddelbuettel, Dirk},
  year   = {2022}
}

@article{jabrh.d.omar2008,
  title  = {{Taxa de juros: comportamento, determina{\c c}{\~a}o e implica{\c c}{\~o}es para a economia brasileira}},
  author = {{Jabr H. D. Omar}},
  year   = {2008},
  langid = {portuguese}
}

@article{jacomassi2022,
  title   = {{TAXA SELIC E INVESTIDORES (PESSOA F{\'I}SICA) EM RENDA VARI{\'A}VEL: ESTUDO COM DADOS DA B3}},
  author  = {Jacomassi, Guilherme Amorim and Oliveira, Edenis Cesar De},
  year    = {2022-09-15, 2022-09},
  journal = {REVISTA FOCO},
  volume  = {15},
  number  = {2},
  pages   = {e352},
  doi     = {10.54751/revistafoco.v15n2-009},
  langid  = {portuguese}
}

@misc{l86681993,
  title = {L8668},
  year  = {1993}
}

@article{lao2021,
  title   = {Time Series Decomposition into Dyslipidemia Prevalence among Urban {{Chinese}} Population: Secular and Seasonal Trends},
  author  = {Lao, Jiahui and Liu, Yafei and Yang, Yang and Peng, Peng and Ma, Feifei and Ji, Shuang and Chen, Yujiao and Tang, Fang},
  year    = {2021},
  month   = dec,
  journal = {Lipids in Health and Disease},
  volume  = {20},
  number  = {1},
  pages   = {114},
  doi     = {10.1186/s12944-021-01541-6},
  langid  = {english}
}

@article{machado2021,
  title   = {Potencial de Bancariza{\c c}{\~a}o Do Cooperativismo de Cr{\'e}dito Nos Munic{\'i}pios Brasileiros Desassistidos Pelo {{SFN}}},
  author  = {Machado, Leonardo and B{\textasciidieresis}{\"u}low, Ana},
  year    = {2021-11-23, 2021-11},
  journal = {Revista Cadernos de Economia},
  volume  = {26},
  number  = {42},
  pages   = {01--22},
  doi     = {10.46699/rce.v26i42.6644}
}

@article{machadodamázio2011,
  title   = {Testes Estatisticos de Estacionariedade No Valor Esperado Para S{\'e}ries Temporais Com Depend{\^e}ncia Temporal Sens{\'i}veis a Mudan{\c c}as Graduais Ou Abruptas},
  author  = {Machado Dam{\'a}zio, Jorge and Serra Costa, Fernanda and Elvira Pi{\~n}eiro Maceira, Maria},
  year    = {2011-06-01, 2011-06},
  journal = {Cadernos do IME - S{\'e}rie Estat{\'i}stica},
  volume  = {30},
  number  = {0},
  pages   = {35},
  doi     = {10.12957/cadest.2011.15729}
}

@article{mendes1993,
  title   = {A Reforma Do Sistema Financeiro Nacional},
  author  = {Mendes, Aldo Luiz},
  year    = {1993},
  month   = apr,
  journal = {Estudos Avan{\c c}ados},
  volume  = {7},
  number  = {17},
  pages   = {215--220},
  doi     = {10.1590/S0103-40141993000100010}
}

@inproceedings{moreira2021,
  title     = {20ª Confer{\^e}ncia Internacional Da {{LARES}}},
  author    = {Moreira, Felipe},
  year      = {2021},
  publisher = {Latin American Real Estate Society},
  address   = {Online},
  doi       = {10.15396/LARES-2021-4DPY},
  langid    = {english}
}

@book{neto2014,
  title     = {Mercado Financeiro},
  author    = {Neto, Alexandre Assaf},
  year      = {2014},
  edition   = {12},
  volume    = {1},
  publisher = {Atlas},
  address   = {S{\~a}o Paulo}
}

@article{novak2010,
  title   = {A Teoria Subjacente Aos Mapas Conceituais e Como Elabora-Los e Usa-Los},
  author  = {Novak, Joseph D. and Canas, Alberto J.},
  year    = {2010-07-21, 2010-07},
  journal = {Praxis Educativa},
  volume  = {5},
  number  = {1},
  pages   = {9--29},
  doi     = {10.5212/PraxEduc.v.5i1.009029}
}

@article{ortiz-de-urbina-criado2023,
  title   = {Open Data-Set Identifier for Open Innovation and Knowledge Management},
  author  = {{Ortiz-de-Urbina-Criado}, Marta and Abella, Alberto and {Garc{\'i}a-Luna}, Diego},
  year    = {2023-03-10, 2023-03},
  journal = {Journal of Knowledge Management},
  doi     = {10.1108/JKM-07-2022-0514},
  langid  = {english}
}

@article{page2021,
  title   = {{{PRISMA}} 2020 Explanation and Elaboration: Updated Guidance and Exemplars for Reporting Systematic Reviews},
  author  = {Page, Matthew J and Moher, David and Bossuyt, Patrick M and Boutron, Isabelle and Hoffmann, Tammy C and Mulrow, Cynthia D and Shamseer, Larissa and Tetzlaff, Jennifer M and Akl, Elie A and Brennan, Sue E and Chou, Roger and Glanville, Julie and Grimshaw, Jeremy M and Hr{\'o}bjartsson, Asbj{\o}rn and Lalu, Manoj M and Li, Tianjing and Loder, Elizabeth W and {Mayo-Wilson}, Evan and McDonald, Steve and McGuinness, Luke A and Stewart, Lesley A and Thomas, James and Tricco, Andrea C and Welch, Vivian A and Whiting, Penny and McKenzie, Joanne E},
  year    = {2021-03-29, 2021-03},
  journal = {BMJ (Clinical research ed.)},
  pages   = {n160},
  doi     = {10.1136/bmj.n160},
  langid  = {english}
}

@misc{parsifal2023,
  title  = {Parsifal},
  year   = {2023},
  langid = {english}
}

@misc{parsifal2023c,
  title  = {{{PARSIFAL}}},
  author = {{PARSIFAL}},
  year   = {2023},
  langid = {english}
}

@article{paula2013,
  title   = {Financiamento, Crescimento Econ{\^o}mico e Funcionalidade Do Sistema Financeiro: Uma Abordagem P{\'o}s-Keynesiana},
  author  = {Paula, Luiz Fernando De},
  year    = {2013},
  month   = jun,
  journal = {Estudos Econ{\^o}micos (S{\~a}o Paulo)},
  volume  = {43},
  number  = {2},
  pages   = {363--396},
  doi     = {10.1590/S0101-41612013000200006}
}

@article{peng1994,
  title   = {Mosaic Organization of {{DNA}} Nucleotides},
  author  = {Peng, C.-K. and Buldyrev, S. V. and Havlin, S. and Simons, M. and Stanley, H. E. and Goldberger, A. L.},
  year    = {1994-02-01, 1994-02},
  journal = {Physical Review E},
  volume  = {49},
  number  = {2},
  pages   = {1685--1689},
  doi     = {10.1103/PhysRevE.49.1685},
  langid  = {english}
}

@article{PerformanceAnalytics,
  title  = {{{PerformanceAnalytics}}: {{Econometric}} Tools for Performance and Risk Analysis},
  author = {Peterson, Brian G. and Carl, Peter},
  year   = {2020}
}

@article{pessoa2021,
  title   = {{Correla{\c c}{\~o}es em s{\'e}ries temporais de pre{\c c}os de frango, soja e milho}},
  author  = {Pessoa, Ruben Vivaldi Silva and Barreto, Ikaro Daniel De Carvalho and Ara{\'u}jo, Lidiane Da Silva and Moreira, Guilherme Rocha and Stosic, Tatijana and Stosic, Borko},
  year    = {2021-04-06, 2021-04},
  journal = {Research, Society and Development},
  volume  = {10},
  number  = {4},
  pages   = {e20610414019},
  doi     = {10.33448/rsd-v10i4.14019},
  langid  = {portuguese}
}

@article{podobnik2008a,
  title   = {Detrended Cross-Correlation Analysis: {{A}} New Method for Analyzing Two Non-Stationary Time Series},
  author  = {Podobnik, Boris and Stanley, H. Eugene},
  year    = {2008-02-27, 2008-02},
  journal = {Physical Review Letters},
  volume  = {100},
  number  = {8},
  pages   = {084102},
  doi     = {10.1103/PhysRevLett.100.084102},
  langid  = {english}
}

@article{polacinski2021,
  title   = {Excel{\^e}ncia Em Gest{\~a}o Financeira: {{Estrat{\'e}gias}}, Desafios e Oportunidades},
  author  = {Polacinski, Edio and Buzanello, Guilherme and Rog{\'e}rio Rodrigues, Marcos and Luis Gessi, Nedisson},
  year    = {2021-05-10, 2021-05},
  journal = {Revista sobre excel{\^e}ncia em Gest{\~a}o e Qualidade},
  volume  = {2},
  number  = {2},
  pages   = {32--49},
  doi     = {10.47591/RAC.2674-9203.2020v2n2.art3-32-49}
}

@misc{portald,
  title = {Portal Da C{\^a}mara Dos Deputados}
}

@article{quantmod,
  title  = {Quantmod: {{Quantitative}} Financial Modelling Framework},
  author = {Ryan, Jeffrey A. and Ulrich, Joshua M.},
  year   = {2023}
}

@misc{r:ther2023,
  title = {R: {{The R}} Project for Statistical Computing},
  year  = {2023}
}

@book{rapidminer2023a,
  title  = {Rapidminer Studio},
  author = {{Rapidminer}},
  year   = {2023}
}

@article{rbcb-2,
  title  = {Rbcb: {{R}} Interface to Brazilian Central Bank Web Services},
  author = {Freitas, Wilson},
  year   = {2022}
}

@misc{rcoreteam2022,
  title  = {R: {{A}} Language and Environment for Statistical Computing},
  author = {{R Core Team}},
  year   = {2022}
}

@article{rodrigues2017,
  title   = {Corporate Governance and Intellectual Capital Reporting in a Period of Financial Crisis: {{Evidence}} from {{Portugal}}},
  author  = {Rodrigues, L{\'u}cia Lima and {Tejedo-Romero}, Francisca and Craig, Russell},
  year    = {2017},
  month   = feb,
  journal = {International Journal of Disclosure and Governance},
  volume  = {14},
  number  = {1},
  pages   = {1--29},
  doi     = {10.1057/jdg.2015.20},
  langid  = {english}
}

@article{scolese2015a,
  title   = {An{\'a}lise de Estilo de Fundos Imobili{\'a}rios No Brasil},
  author  = {Scolese, Daniel and Bergmann, Daniel Reed and Silva, Fabiana Lopes Da and Savoia, Jos{\'e} Roberto Ferreira},
  year    = {2015-04-21, 2015-04},
  journal = {Revista de Contabilidade e Organiza{\c c}{\~o}es},
  volume  = {9},
  number  = {23},
  pages   = {24},
  doi     = {10.11606/rco.v9i23.83452}
}

@article{spc2018,
  title  = {Cen{\'a}rio Da Poupan{\c c}a e Dos Investimentos Dos Brasileiros},
  author = {{SPC}},
  year   = {2018}
}

@inproceedings{teófilo2022,
  title   = {{ENEGEP 2022 - Encontro Nacional de Engenharia de Produ{\c c}{\~a}o}},
  author  = {Te{\'o}filo, Pablo Luiz Berriel Do Carmo and Souza, Hudson Hubner De and Silva, Lana Priscila Cavadas Da and Bergiante, N{\'i}ssia Carvalho Rosa},
  year    = {2022-10-10, 2022-10},
  address = {FOZ DO IGUACU/SP - BRASIL},
  doi     = {10.14488/ENEGEP2022_TN_ST_384_1902_45136},
  langid  = {portuguese}
}

@article{tidyverse,
  title  = {Welcome to the \{tidyverse\}},
  author = {Wickham, Hadley and Averick, Mara and Bryan, Jennifer and Chang, Winston and McGowan, Lucy D'Agostino and Fran{\c c}ois, Romain and Grolemund, Garrett and Hayes, Alex and Henry, Lionel and Hester, Jim and Kuhn, Max and Pedersen, Thomas Lin and Miller, Evan and Bache, Stephan Milton and M{\"u}ller, Kirill and Ooms, Jeroen and Robinson, David and Seidel, Dana Paige and Spinu, Vitalie and Takahashi, Kohske and Vaughan, Davis and Wilke, Claus and Woo, Kara and Yutani, Hiroaki},
  year   = {2019},
  volume = {4},
  pages  = {1686},
  doi    = {10.21105/joss.01686}
}

@book{tsay2002,
  title     = {Analysis of Financial Time Series},
  author    = {Tsay, Ruey S.},
  year      = {2002},
  series    = {Wiley Series in Probability and Statistics},
  publisher = {Wiley},
  address   = {New York},
  langid    = {english}
}

@inproceedings{vallemielke2022,
  title     = {{{ANAIS DO II WORKSHOP DE MATEM{\'a}TICA}}, {{ESTAT{\'i}STICA E COMPUTA{\c c}{\~a}O APLICADAS}} {\`a} {{IND{\'u}STRIA}}},
  author    = {Valle Mielke, Lucas and Ribeiro Villas Boas, Paulino},
  year      = {2022},
  publisher = {Galoa},
  doi       = {10.17648/wmecai-2022-154043}
}

@inproceedings{weise2017,
  title     = {{17ª Confer{\^e}ncia Internacional da LARES}},
  author    = {Weise, Andreas Dittmar and De Freitas Battisti, Juliane and Minosso, Anariele Maria and Minosso, Franciele and Burgin, Jean},
  year      = {2017},
  publisher = {Latin American Real Estate Society},
  address   = {S{\~a}o Paulo},
  doi       = {10.15396/lares_2017_paper_17},
  langid    = {portuguese}
}

@book{wickham2016,
  title     = {R for Data Science: Import, Tidy, Transform, Visualize, and Model Data},
  author    = {Wickham, Hadley and Grolemund, Garrett},
  year      = {2016},
  edition   = {First edition},
  publisher = {O'Reilly},
  address   = {Sebastopol, CA}
}

@book{wickham2023,
  title  = {Welcome {\textbar} {{R}} for Data Science},
  author = {Wickham, Hadley and Grolemund, Garrett},
  year   = {2023},
  langid = {english}
}

@misc{yahoofi2023,
  title  = {Yahoo Finance - Stock Market Live, Quotes, Business \& Finance News},
  year   = {2023},
  langid = {canadian}
}

@article{zebende2011,
  title   = {{{DCCA}} Cross-Correlation Coefficient: {{Quantifying}} Level of Cross-Correlation},
  author  = {Zebende, G.F.},
  year    = {2011},
  month   = feb,
  journal = {Physica A: Statistical Mechanics and its Applications},
  volume  = {390},
  number  = {4},
  pages   = {614--618},
  doi     = {10.1016/j.physa.2010.10.022},
  langid  = {english}
}

@article{yakubuSystematicReviewReal2022,
  title     = {A {{Systematic Review}} of {{Real Estate Investment Trusts}} ({{REITs}}) {{Scholarships}}},
  author    = {YAKUBU, Suleiman},
  year      = {2022},
  month     = sep,
  journal   = {International Journal of Scientific Research and Innovative Studies},
  volume    = {1},
  number    = {2},
  pages     = {63--70},
  issn      = {2820-7157},
  urldate   = {2024-03-14},
  abstract  = {Despite the investment return potentials of REIT, it is still not widely accepted Given the unpopularity of REITs, this report conducted a survey of REITs research papers between 2010 and 2020 to ascertain the situation of the academic literature's efforts to popularize REITs. The review paper conducted the investigation using the systematic quantitative evaluation approach (SQAT) methodology. Six (6) databases Includes a total of 187 peer-reviewed English REIT articles, which were chosen for the work. The study's conclusions showed that REIT papers are mostly published in America but are quite rare in other continents, particularly in Africa. It is advised that there should be a noticeable rise in scholarly publications in countries where they are inadequate in order to attain the goal of making REITs prominent for investment enhancing reasons.},
  copyright = {Copyright (c) 2022},
  langid    = {english},
  keywords  = {free software,non-profit organizations,open access,open source software,scholarly journals,scholarly publishing},
  file      = {C:\Users\nextm\Zotero\storage\4HFENILI\YAKUBU - 2022 - A Systematic Review of Real Estate Investment Trus.pdf}
}

@article{ahistor2012,
	title = {A History of REITs and REIT Performance},
  author = {Block, Ralph L.},
	year = {2012},
	month = {01},
	date = {2012-01-02},
	journal = {Investing in REITs},
	pages = {109--140},
	doi = {10.1002/9781119202325.ch6},
	url = {http://dx.doi.org/10.1002/9781119202325.ch6}
}


